@article{files,
  title={Fully provided file},
  author={Canvas},
  year={2022},
  journal={CME 211, Stanford University}
}

@article{files2,
  title={Partially (method signature) provided file},
  author={Canvas},
  year={2022},
  journal={CME 211, Stanford University}
}